@book{ChillaSolveig2013KM:G, 
	title = {Kindliche Mehrsprachigkeit}, 
	subtitle = {Grundlagen - Störungen - Diagnostik ; mit 5 Tabellen}, 
	author = {Solveig Chilla AND Monika Rothweiler AND Ezel Babur}, 
	publischer = {Ernst Reinhardt Verlag}, 
	location = {München}, 
	date = {2013-05-01}, 
	edition = {2}, 
	isbn = {978-3497023691}, 
	keywords = {Kind}, 
}